@article{guyatt1986,
  title={Determining optimal therapy—randomized trials in individual patients},
  author={Guyatt, Gordon and Sackett, David and Taylor, D Wayne and Ghong, John and Roberts, Robin and Pugsley, Stewart},
  journal={New England Journal of Medicine},
  volume={314},
  number={14},
  pages={889--892},
  year={1986},
  publisher={Mass Medical Soc}
}

@article{araujo2016,
  title={Understanding variation in sets of N-of-1 trials},
  author={Araujo, Artur and Julious, Steven and Senn, Stephen},
  journal={PloS one},
  volume={11},
  number={12},
  pages={e0167167},
  year={2016},
  publisher={Public Library of Science San Francisco, CA USA}
}

@article{nikles2011,
  title={Aggregating single patient (n-of-1) trials in populations where recruitment and retention was difficult: the case of palliative care},
  author={Nikles, Jane and Mitchell, Geoffrey K and Schluter, Philip and Good, Phillip and Hardy, Janet and Rowett, Debra and Shelby-James, Tania and Vohra, Sunita and Currow, David},
  journal={Journal of clinical epidemiology},
  volume={64},
  number={5},
  pages={471--480},
  year={2011},
  publisher={Elsevier}
}

@article{senn2019,
  title={Sample size considerations for n-of-1 trials},
  author={Senn, Stephen},
  journal={Statistical methods in medical research},
  volume={28},
  number={2},
  pages={372--383},
  year={2019},
  publisher={SAGE Publications Sage UK: London, England}
}

@article{zucker1997,
  title={Combining single patient (N-of-1) trials to estimate population treatment effects and to evaluate individual patient responses to treatment},
  author={Zucker, DR and Schmid, CH and McIntosh, MW and D'agostino, RB and Selker, HP and Lau, J},
  journal={Journal of clinical epidemiology},
  volume={50},
  number={4},
  pages={401--410},
  year={1997},
  publisher={Elsevier}
}

@article{stunnenberg2018,
  title={Effect of mexiletine on muscle stiffness in patients with nondystrophic myotonia evaluated using aggregated N-of-1 trials},
  author={Stunnenberg, Bas C and Raaphorst, Joost and Groenewoud, Hans M and Statland, Jeffrey M and Griggs, Robert C and Woertman, Willem and Stegeman, Dick F and Timmermans, Janneke and Trivedi, Jaya and Matthews, Emma and others},
  journal={Jama},
  volume={320},
  number={22},
  pages={2344--2353},
  year={2018},
  publisher={American Medical Association}
}

@article{mitchell2015,
  title={The effect of methylphenidate on fatigue in advanced cancer: an aggregated N-of-1 trial},
  author={Mitchell, Geoffrey K and Hardy, Janet R and Nikles, Catherine J and Carmont, Sue-Ann S and Senior, Hugh E and Schluter, Philip J and Good, Phillip and Currow, David C},
  journal={Journal of pain and symptom management},
  volume={50},
  number={3},
  pages={289--296},
  year={2015},
  publisher={Elsevier}
}

@article{roustit2018,
  title={On-demand sildenafil as a treatment for Raynaud phenomenon: a series of N-of-1 trials},
  author={Roustit, Matthieu and Giai, Joris and Gaget, Olivier and Khouri, Charles and Mouhib, Myriam and Lotito, Adrien and Blaise, Sophie and Seinturier, Christophe and Subtil, Fabien and Paris, Adeline and others},
  journal={Annals of internal medicine},
  volume={169},
  number={10},
  pages={694--703},
  year={2018},
  publisher={American College of Physicians}
}

@article{zucker2002,
  title={Sample--size redetermination for repeated measures studies},
  author={Zucker, David M and Denne, Jonathan},
  journal={Biometrics},
  volume={58},
  number={3},
  pages={548--559},
  year={2002},
  publisher={Wiley Online Library}
}

@article{senn2016,
  title={Mastering variation: variance components and personalised medicine},
  author={Senn, Stephen},
  journal={Statistics in medicine},
  volume={35},
  number={7},
  pages={966--977},
  year={2016},
  publisher={Wiley Online Library}
}

@article{proschan2009,
  title={Sample size re-estimation in clinical trials},
  author={Proschan, Michael A},
  journal={Biometrical Journal: Journal of Mathematical Methods in Biosciences},
  volume={51},
  number={2},
  pages={348--357},
  year={2009},
  publisher={Wiley Online Library}
}

@article{proschan2005,
  title={Two-stage sample size re-estimation based on a nuisance parameter: a review},
  author={Proschan, Michael A},
  journal={Journal of biopharmaceutical statistics},
  volume={15},
  number={4},
  pages={559--574},
  year={2005},
  publisher={Taylor \& Francis}
}

@article{friede2006,
  title={Sample size recalculation in internal pilot study designs: a review},
  author={Friede, Tim and Kieser, Meinhard},
  journal={Biometrical Journal: Journal of Mathematical Methods in Biosciences},
  volume={48},
  number={4},
  pages={537--555},
  year={2006},
  publisher={Wiley Online Library}
}

@article{morris2019,
  title={Using simulation studies to evaluate statistical methods},
  author={Morris, Tim P and White, Ian R and Crowther, Michael J},
  journal={Statistics in medicine},
  volume={38},
  number={11},
  pages={2074--2102},
  year={2019},
  publisher={Wiley Online Library}
}

@article{chen2014,
  title={A comparison of four methods for the analysis of N-of-1 trials},
  author={Chen, Xinlin and Chen, Pingyan},
  journal={PloS one},
  volume={9},
  number={2},
  pages={e87752},
  year={2014},
  publisher={Public Library of Science San Francisco, USA}
}

@software{lme4,
author      = {Bates, D. and Maechler, M. and Bolker, B. and Walker, S.},
title       = {Package 'lme4'}, 
url         = {https://cran.r-project.org/web/packages/lme4/lme4.pdf},
version     = {1.1-27.1},
date        = {2021-06-22}, 
}

@Manual{Rmanual,
title       = {R: A Language and Environment for Statistical Computing},
author      = {{R Core Team}},
organization = {R Foundation for Statistical Computing},
address     = {Vienna, Austria},
year        = {2021},
url         = {https://www.R-project.org/},
}

@article{corbeil1976,
  title={Restricted maximum likelihood (REML) estimation of variance components in the mixed model},
  author={Corbeil, Robert R and Searle, Shayle R},
  journal={Technometrics},
  volume={18},
  number={1},
  pages={31--38},
  year={1976},
  publisher={Taylor \& Francis}
}

@article{sennetal2000,
  title={Repeated measures in clinical trials: simple strategies for analysis using summary measures},
  author={Senn, Stephen and Stevens, Lynda and Chaturvedi, Nish},
  journal={Statistics in medicine},
  volume={19},
  number={6},
  pages={861--877},
  year={2000},
  publisher={Wiley Online Library}
}

@article{champely2018,
  title={Package ‘pwr’},
  author={Champely, Stephane and Ekstrom, Claus and Dalgaard, Peter and Gill, Jeffrey and Weibelzahl, Stephan and Anandkumar, Aditya and Ford, Clay and Volcic, Robert and De Rosario, Helios and De Rosario, Maintainer Helios},
  journal={R package version},
  volume={1},
  number={2},
  year={2018}
}