@article{guyatt1986,
  title={Determining optimal therapyâ€”randomized trials in individual patients},
  author={Guyatt, Gordon and Sackett, David and Taylor, D Wayne and Ghong, John and Roberts, Robin and Pugsley, Stewart},
  journal={New England Journal of Medicine},
  volume={314},
  number={14},
  pages={889--892},
  year={1986},
  publisher={Mass Medical Soc}
}

@article{araujo2016,
  title={Understanding variation in sets of N-of-1 trials},
  author={Araujo, Artur and Julious, Steven and Senn, Stephen},
  journal={PloS one},
  volume={11},
  number={12},
  pages={e0167167},
  year={2016},
  publisher={Public Library of Science San Francisco, CA USA}
}

@article{nikles2011,
  title={Aggregating single patient (n-of-1) trials in populations where recruitment and retention was difficult: the case of palliative care},
  author={Nikles, Jane and Mitchell, Geoffrey K and Schluter, Philip and Good, Phillip and Hardy, Janet and Rowett, Debra and Shelby-James, Tania and Vohra, Sunita and Currow, David},
  journal={Journal of clinical epidemiology},
  volume={64},
  number={5},
  pages={471--480},
  year={2011},
  publisher={Elsevier}
}

@article{greenfield2007,
  title={Heterogeneity of treatment effects: implications for guidelines, payment, and quality assessment},
  author={Greenfield, Sheldon and Kravitz, Richard and Duan, Naihua and Kaplan, Sherrie H},
  journal={The American journal of medicine},
  volume={120},
  number={4},
  pages={S3--S9},
  year={2007},
  publisher={Elsevier}
}

@article{duan2013,
  title={Single-patient (n-of-1) trials: a pragmatic clinical decision methodology for patient-centered comparative effectiveness research},
  author={Duan, Naihua and Kravitz, Richard L and Schmid, Christopher H},
  journal={Journal of clinical epidemiology},
  volume={66},
  number={8},
  pages={S21--S28},
  year={2013},
  publisher={Elsevier}
}

@article{zucker1997,
  title={Combining single patient (N-of-1) trials to estimate population treatment effects and to evaluate individual patient responses to treatment},
  author={Zucker, DR and Schmid, CH and McIntosh, MW and D'agostino, RB and Selker, HP and Lau, J},
  journal={Journal of clinical epidemiology},
  volume={50},
  number={4},
  pages={401--410},
  year={1997},
  publisher={Elsevier}
}

@article{stunnenberg2018,
  title={Effect of mexiletine on muscle stiffness in patients with nondystrophic myotonia evaluated using aggregated N-of-1 trials},
  author={Stunnenberg, Bas C and Raaphorst, Joost and Groenewoud, Hans M and Statland, Jeffrey M and Griggs, Robert C and Woertman, Willem and Stegeman, Dick F and Timmermans, Janneke and Trivedi, Jaya and Matthews, Emma and others},
  journal={Jama},
  volume={320},
  number={22},
  pages={2344--2353},
  year={2018},
  publisher={American Medical Association}
}

@article{mitchell2015,
  title={The effect of methylphenidate on fatigue in advanced cancer: an aggregated N-of-1 trial},
  author={Mitchell, Geoffrey K and Hardy, Janet R and Nikles, Catherine J and Carmont, Sue-Ann S and Senior, Hugh E and Schluter, Philip J and Good, Phillip and Currow, David C},
  journal={Journal of pain and symptom management},
  volume={50},
  number={3},
  pages={289--296},
  year={2015},
  publisher={Elsevier}
}

@article{roustit2018,
  title={On-demand sildenafil as a treatment for Raynaud phenomenon: a series of N-of-1 trials},
  author={Roustit, Matthieu and Giai, Joris and Gaget, Olivier and Khouri, Charles and Mouhib, Myriam and Lotito, Adrien and Blaise, Sophie and Seinturier, Christophe and Subtil, Fabien and Paris, Adeline and others},
  journal={Annals of Internal Medicine},
  volume={169},
  number={10},
  pages={694--703},
  year={2018},
  publisher={American College of Physicians}
}