@article{<Senn>,
    author        = {Senn, S.},
    title         = {\textbf{Sample size considerations for \textit{n}-of-1 trials}},
    journaltitle  = {Statistical Methods in Medical Research},
    volume        = {28},
    number        = {2},
    Pages         = {372--383},
    year          = {2019},
    doi           = {10.1001/jama.2018.18020}
}

@article{<Proschan>,
    author        = {Proschan, M.A.},
    title         = {\textbf{Sample size re-estimation in clinical trials}},
    journaltitle  = {Biometrical Journal},
    volume        = {51},
    number        = {1},
    Pages         = {348--357},
    year          = {2009},
    doi           = {10.1002/bimj.200800266}
}

@article{Stunnenberg,
author = {Stunnenberg, B.C. and Raaphorst, J. and Groenewoud, H.M. and Statland, J.M. and Griggs, R.C. and Woertman, W. and Stegeman, D.F. and Timmermans, J. and ...},
doi = {10.1001/jama.2018.18020},
journal = {Journal of the American Medical Association},
number = {22},
pages = {2344--2353},
title = {Effect of mexiletine on muscle stiffness in patients with nondystrophic myotonia evaluated using aggregated \textit{N}-of-1 trials},
volume = {320},
year = {2018}
}

@article{Araujo,
author      = {Araujo, A. and Julious, S. and Senn, S.},
year        = {2016},
title       = {Understanding variation in sets of \textit{N}-of-1 trials}, 
journal     = {PLoS ONE},
volume      = {11},
number      = {12}, 
pages       = {e0167167},
doi         = {10.1371/journal.pone.0167167}
}

@article{ChenandChen,
author      = {Chen, X. and Chen, P},
year        = {2014},
title       = {A comparison of four methods for the analysis of \textit{N}-of-1 trials}, 
journal     = {PLoS ONE},
volume      = {9},
number      = {2}, 
pages       = {e87752},
doi         = {10.1371/journal.pone.0087752}
}

@article{Muller,
author      = {MÃ¼ller, A.R. and Brands, M.M.M.G. and Van de Ven, P. and Roes, K.C.B. and Cornel, M.C. and Karnebeek, C.D.M. and Wijburg, F.A. and Daams, J.G. and ...},
year        = {2021},
title       = {Systematic review of \textit{N}-of-1 studies in rare genetic neurodevelopmental disorders: The power of 1}, 
journal     = {Neurology},
volume      = {96},
number      = {11}, 
pages       = {529--540},
doi         = {10.1212/WNL.0000000000011597}
}

@article{Wood,
author      = {Wood, F.A. and Howard, J.P. and Finegold, J.A. and Nowbar, A.N. and Thompson, D.M. and Arnold, A.D. and Rajkumar, C.A. and Connolly, S.},
year        = {2020},
title       = {\textit{N}-of-1 trial of a statin, placebo, or no treatment to assess side effects}, 
journal     = {The New England Journal of Medicine},
volume      = {383},
number      = {22}, 
doi         = {10.1056/NEJMc2031173}
}

@article{Wych,
author      = {Wych, J. and Grayling, M.J. and Mander, A.P.},
year        = {2019},
title       = {\textbf{Sample size re-estimation in crossover trials: application to the AIM HY-INFORM study}}, 
journal     = {Trials},
volume      = {20},
number      = {665},
doi         = {10.1186/s13063-019-3724-6}
}

@article{Zucker1997,
author      = {Zucker, D.R. and Schmid, C.H. and McIntosh, M.W. an Agostino, R.B.D. and Selker, H.P. and Lau, J.},
year        = {1997},
title       = {Combining single patient (\textit{N}-of-1) trials to estimate population treatment effects and to evaluate individual patient responses to treatment}, 
journal     = {Journal of Clinical Epidemiology},
volume      = {50},
number      = {4}, 
pages       = {401--410}
}

@article{Duan,
author      = {Duan, N. and Kravitz, R.L. and Schmid, C.H.},
year        = {2013},
title       = {Single patient (\textit{N}-of-1) trials: a pragmatic clinical decision methodology for patient-centered comparative effectiveness research}, 
journal     = {Journal of Clinical Epidemiology},
volume      = {66},
number      = {1}, 
pages       = {S21--S28},
doi         = {10.1016/j.jclinepi.2013.04.006}
}

@article{Zucker2010,
author      = {Zucker, D.R. and Ruthazer, R. and Schmid, C.H.},
year        = {2010},
title       = {Individual (\textit{N}-of-1) trials can be combined to give population comparative treatment effect estimates: methodologic considerations}, 
journal     = {Journal of Clinical Epidemiology},
volume      = {63},
number      = {1}, 
pages       = {1312--1323}, 
doi         = {10.1016/j.jclinepi.2010.04.020}
}

@article{Heyvaert,
author      = {Heyvaert, M. and Moeyaert, M. and Verkempynck, P. and Van den Noortgate, W. and Vervloet, M. and Ugille, M. and Onghena, P.},
year        = {2016},
title       = {Testing the intervention effect in single-case experiments: A Monte Carlo simulation study}, 
journal     = {The Journal of Experimental Education},
volume      = {85},
number      = {2}, 
pages       = {175--196}, 
doi         = {10.1080/00220973.2015.1123667}
}

@article{Senn2015,
author      = {Senn, S.},
year        = {2015},
title       = {Mastering variation: variance components and personalised medicine}, 
journal     = {Statistics in Medicine},
volume      = {35},
number      = {1}, 
pages       = {966--977}, 
doi         = {10.1002/sim.6739}
}

@article{Senn2015-2,
author      = {Senn, S.},
year        = {2015},
title       = {Various varying variances: The challenge of nuisance parameters to the practicing biostatistician}, 
journal     = {Statistical Methods in Medical Research},
volume      = {24},
number      = {4}, 
pages       = {403--419}, 
doi         = {10.1177/0962280214520728}
}

@article{ZuckerDenne,
author      = {Zucker, D.M. and Denne, J.},
year        = {2002},
title       = {Sample-size redetermination for repeated measures studies}, 
journal     = {Biometrics},
volume      = {58},
number      = {1}, 
pages       = {548--559}
}

@article{Lenth,
author      = {Lenth, R.V.},
year        = {2001},
title       = {Some practical guidelines for effective sample size determination}, 
journal     = {The American Statistician},
volume      = {55},
number      = {3}, 
pages       = {187--194}, 
doi         = {10.1198/000313001317098149}
}

@article{Golkowski,
author      = {Golkowski},
year        = {2014},
title       = {Blinded sample size re-estimation in crossover bioequivalence trials}, 
journal     = {Pharmaceutical Statistics},
volume      = {13},
number      = {1}, 
pages       = {157--162}, 
doi         = {10.1002/pst.1617}
}

@article{Grayling,
author      = {Grayling, M.J. and Mander, A.P. and Wason, J.M.S.},
year        = {2018},
title       = {Blinded and unblinded sample size reestimation in crossover trials balanced for period}, 
journal     = {Biometrical Journal},
volume      = {60},
number      = {1}, 
pages       = {917--933}, 
doi         = {10.1002/bimj.201700092}
}

@article{Proschan2005,
author      = {Proschan, M.A.},
year        = {2005},
title       = {Two-stage sample size re-estimation based on a nuisance parameter: A review},
journal     = {Journal of Biopharamceutical Statistics},
volume      = {15},
number      = {1}, 
pages       = {559--574}, 
doi         = {10.1081/BIP-200062852}
}

@software{lme4,
author      = {Bates, D. and Maechler, M. and Bolker, B. and Walker, S.},
title       = {\textbf{Package 'lme4'}}, 
url         = {https://cran.r-project.org/web/packages/lme4/lme4.pdf},
version     = {1.1-27.1},
date        = {2021-06-22}, 
}

@Manual{R,
title       = {\textbf{R: A Language and Environment for Statistical Computing}},
author      = {{R Core Team}},
organization = {R Foundation for Statistical Computing},
address     = {Vienna, Austria},
year        = {2021},
url         = {https://www.R-project.org/},
}